<?xml version="1.0" encoding="UTF-8"?><collection xmlns="http://www.loc.gov/MARC21/slim"><record><leader>00478nam--2200169-i-4500</leader><controlfield tag="001">000015464</controlfield><controlfield tag="002">20161230</controlfield><controlfield tag="005">20170114225327</controlfield><controlfield tag="008">060222s1000------------r-----000-0-eng-d</controlfield><datafield ind1=" " ind2=" " tag="080"><subfield code="a">532.5:5L9.6(06L.3)</subfield></datafield><datafield ind1=" " ind2=" " tag="100"><subfield code="a">Cabane, Bernard</subfield></datafield><datafield ind1=" " ind2=" " tag="245"><subfield code="a">Sixth International Conference on Numerical Methods in Fluid Dynamics. Proceedings...</subfield></datafield><datafield ind1=" " ind2=" " tag="260"><subfield code="a">Berlin</subfield><subfield code="b">Springer-Verlag</subfield><subfield code="c">1979</subfield></datafield><datafield ind1=" " ind2=" " tag="300"><subfield code="a">620 p</subfield></datafield><datafield ind1=" " ind2=" " tag="700"><subfield code="a">Cabannes, Henri</subfield></datafield><datafield ind1=" " ind2=" " tag="852"><subfield code="a">33191</subfield></datafield><datafield ind1=" " ind2=" " tag="CAT"><subfield code="a">SYS</subfield><subfield code="c">20170114</subfield><subfield code="h">225327</subfield></datafield></record></collection>